<record><leader>00000cas a22000007a 4500</leader><controlfield tag="001">9878902</controlfield><controlfield tag="008">830906d18261829nyuwr ne      0    0eng d</controlfield><datafield ind1=" " ind2=" " tag="010"><subfield code="a">sn 83031457 </subfield></datafield><datafield ind1=" " ind2=" " tag="040"><subfield code="a">NPU</subfield><subfield code="b">eng</subfield><subfield code="c">NPU</subfield><subfield code="d">DLC</subfield><subfield code="d">NPX</subfield><subfield code="d">NYS</subfield><subfield code="d">OCL</subfield><subfield code="d">OCLCF</subfield><subfield code="d">OCLCO</subfield></datafield><datafield ind1="1" ind2=" " tag="029"><subfield code="a">AU@</subfield><subfield code="b">000020127563</subfield></datafield><datafield ind1=" " ind2=" " tag="042"><subfield code="a">msc</subfield></datafield><datafield ind1="0" ind2="0" tag="050"><subfield code="a">Newspaper 8829-X</subfield></datafield><datafield ind1="0" ind2=" " tag="130"><subfield code="a">Greene County Republican (Catskill, N.Y.)</subfield></datafield><datafield ind1="0" ind2="0" tag="245"><subfield code="a">Greene County Republican.</subfield></datafield><datafield ind1=" " ind2=" " tag="260"><subfield code="a">Catskill, N.Y. :</subfield><subfield code="b">W.G. Hyer,</subfield><subfield code="c">1826-</subfield></datafield><datafield ind1=" " ind2=" " tag="300"><subfield code="a">v. ;</subfield><subfield code="c">58 cm.</subfield></datafield><datafield ind1=" " ind2=" " tag="310"><subfield code="a">Weekly</subfield></datafield><datafield ind1="0" ind2=" " tag="362"><subfield code="a">Vol. 1, no. 1 (Nov. 15, 1826)-</subfield></datafield><datafield ind1="1" ind2=" " tag="362"><subfield code="a">Ceased in 1829?</subfield><subfield code="z">Cf. Gregory, W.  Amer. newspapers.</subfield></datafield><datafield ind1=" " ind2=" " tag="500"><subfield code="a">Published on Wednesday.</subfield></datafield><datafield ind1=" " ind2=" " tag="500"><subfield code="a">Publisher: Ralph Johnson, for the Proprietors, &lt;1827&gt;; C. Hall, Jr., &lt;1828&gt;.</subfield></datafield><datafield ind1=" " ind2="0" tag="651"><subfield code="a">Catskill (N.Y.)</subfield><subfield code="v">Newspapers.</subfield></datafield><datafield ind1=" " ind2="7" tag="655"><subfield code="a">Newspapers.</subfield><subfield code="2">fast</subfield><subfield code="0">(OCoLC)fst01423814</subfield></datafield><datafield ind1=" " ind2="7" tag="651"><subfield code="a">New York (State)</subfield><subfield code="z">Catskill.</subfield><subfield code="2">fast</subfield><subfield code="0">(OCoLC)fst01222261</subfield></datafield><datafield ind1=" " ind2=" " tag="752"><subfield code="a">United States</subfield><subfield code="b">New York</subfield><subfield code="c">Greene</subfield><subfield code="d">Catskill.</subfield></datafield><datafield ind1="0" ind2="7" tag="785"><subfield code="t">Catskill recorder (Catskill, N.Y. : 1804)</subfield><subfield code="w">(DLC)sn 83031455</subfield></datafield><datafield ind1="0" ind2="7" tag="785"><subfield code="t">Catskill recorder, and Greene County Republican</subfield><subfield code="w">(DLC)sn 91066686</subfield><subfield code="w">(OCoLC)24508127</subfield></datafield><datafield ind1=" " ind2=" " tag="936"><subfield code="a">Vol. 3, no. 7, (Dec. 24, 1828) LIC</subfield></datafield></record>